@article{FMSD17,
  author = {Jinseong Jeon and Xiaokang Qiu and Armando Solar-Lezama and Jeffrey S. Foster},
  title = {{An Empirical Study of Adaptive Concretization for Parallel Program Synthesis}},
  journal = {Formal Methods in System Design (FMSD)},
  issue_date = {March 2017},
  volume = {50},
  number = {1},
  month = {Mar},
  year = {2017},
  pages = {75--95},
  numpages = {21},
}

@article{TACO09,
 author = {Jeon, Jinseong and Shin, Keoncheol and Han, Hwansoo},
 title = {{Abstracting Access Patterns of Dynamic Memory Using Regular Expressions}},
 journal = {ACM Transactions on Architecture and Code Optimization (TACO)},
 issue_date = {March 2009},
 volume = {5},
 number = {4},
 month = {Mar},
 year = {2009},
 pages = {18:1--18:28},
 articleno = {18},
 numpages = {28},
}

@article{KIISE05,
  author = {Youil Kim and Jinseong Jeon and Hwansoo Han},
  title = {{Development of Cost-Effective Buffer Overrun Analyzer for C Programs}},
  journal = {KIISE SIGPL Transactions on Programming Languages},
  volume = {19},
  number = {2},
  year = {2005},
  pages = {1--9},
}

@inproceedings{icse16,
  author = {Jinseong Jeon and Xiaokang Qiu and Jonathan Fetter-Degges and Jeffrey S. Foster and Armando Solar-Lezama},
  title = {{Synthesizing Framework Models for Symbolic Execution}},
  booktitle = {38th International Conference on Software Engineering (ICSE '16)},
  year = {2016},
  month = {May},
}

@inproceedings{esorics15,
  author = {Kristopher K. Micinski and Jonathan Fetter-Degges and Jinseong Jeon and Jeffrey S. Foster and Michael R. Clarkson},
  title = {{Checking Interaction-Based Declassification Policies for Android Using Symbolic Execution}},
  booktitle = {the 20th European Symposium on Research in Computer Security (ESORICS '15)},
  year = {2015},
  month = {Sep},
}

@inproceedings{fse15,
  author = {Jinseong Jeon and Xiaokang Qiu and Jeffrey S. Foster and Armando Solar-Lezma},
  title = {{\textsc{JSketch}: Sketching for Java}},
  booktitle = {10th Joint Meeting of the European Software Engineering Conference and the ACM SIGSOFT Symposium on the Foundations of Software Engineering (ESEC/FSE '15)},
  year = {2015},
  month = {Sep},
}

@inproceedings{cav15,
  author = {Jinseong Jeon and Xiaokang Qiu and Armando Solar-Lezama and Jeffrey S. Foster},
  title = {{Adaptive Concretization for Parallel Program Synthesis}},
  booktitle = {the 27th International Conference on Computer Aided Verification (CAV '15)},
  year = {2015},
  month = {Jul},
}

@inproceedings{security14,
  author = {Ravi Bhoraskar and Seungyeop Han and Jinseong Jeon and Tanzirul Azim and Shuo Chan and Jaeyeon Jung and Suman Nath and Rui Wang and David Wetherall},
  title = {{Brahmastra: Driving Apps to Test the Security of Third-Party Components}},
  booktitle = {the 23rd USENIX Security Symposium (Security '14)},
  year = {2014},
  month = {Aug},
}

@inproceedings{popl14,
  author = {Jinseong Jeon},
  title = {{Program Synthesis for Program Analysis: Models and Drivers}},
  booktitle = {ACM Symposium on Principles of Programming Languages (POPL '14)},
  year = {2014},
  month = {Jan},
}

@inproceedings{spsm12,
   author = {Jinseong Jeon and Kristopher K. Micinski and Jeffrey A. Vaughan and Ari Fogel and Nikhilesh Reddy and Jeffrey S. Foster and Todd Millstein},
   title = {{Dr. Android and Mr. Hide: Fine-grained Permissions in Android Applications}},
   booktitle = {ACM CCS Workshop on Security and Privacy in Smartphones and Mobile Devices (SPSM '12)},
   year = {2012},
   month = {Oct},
   pages = {3--14},
}

@inproceedings{valid09,
   author = {Jeon, Jinseong and Kim, Sangwon and Lee, Dongkeun},
   title = {{SAT-Based On-Line Fault Isolation in Serial Systems}},
   booktitle = {Advances in System Testing and Validation Lifecycle (VALID '09)},
   pages = {25--30},
   year = {2009},
   month = {Sep},
}

@inproceedings{kcc07,
  author = {Yunkyung Ahn and Jinseong Jeon and Taisook Han},
  title = {{Taking Environments into account for ESTEREL Program Verification}},
  booktitle = {2007 Fall Korea Information Science Society Conference (KCC '07)},
  pages = {540--545},
  year = {2007},
  month = {Oct},
}

@inproceedings{cc07,
   author = {Jeon, Jinseong and Shin, Keoncheol and Han, Hwansoo},
   title = {{Layout Transformations for Heap Objects Using Static Access Patterns}},
   booktitle = {Compiler Construction (CC '07)},
   IGNOREseries = {Lecture Notes in Computer Science},
   pages = {187--201},
   IGNOREvolume = {4420},
   year = {2007},
   month = {Mar},
}

@inproceedings{kcc06,
  author = {Jinseong Jeon and Gunwoo Kim and Hwansoo Han and Taisook Han},
  title = {{Practical Buffer Overrun Vulnerabilities Detection using Static Analysis}},
  booktitle = {Korea Computer Congress (KCC '06)},
  pages = {391--393},
  year = {2006},
  month = {Jun},
}

@techreport{jsk-tr,
  author = {Jinseong Jeon and Xiaokang Qiu and Armando Solar-Lezama and Jeffrey S. Foster},
  title = {{\textsc{JSketch}: Sketching for Java}},
  institution = {CoRR},
  year = {2015},
  number = {arXiv:1507.03577},
  month = {Jul},
}

@techreport{esorics15-tr,
  author = {Kristopher K. Micinski and Jonathan Fetter-Degges and Jinseong Jeon and Jeffrey S. Foster and Michael R. Clarkson},
  title = {{Checking Interaction-Based Declassification Policies for Android Using Symbolic Execution}},
  year = {2015},
  month = {Jul},
  institution = {CS-TR-5043, Department of Computer Science, University of Maryland, College Park}
}

@techreport{troyd,
  title = {{Troyd: Integration Testing for Android}},
  author = {Jinseong Jeon and Jeffrey S. Foster},
  year = {2012},
  month = {Aug},
  institution = {CS-TR-5013, Department of Computer Science, University of Maryland, College Park}
}

@techreport{symdroid,
 title = {{SymDroid: Symbolic Execution for Dalvik Bytecode}},
 author = {Jeon, Jinseong and Kristopher K. Micinski and Jeffrey S. Foster},
 year = {2012},
 month = {Jul},
 institution = {CS-TR-5022, Department of Computer Science, University of Maryland, College Park}
}

@techreport{drandroid,
  title = {{Dr. Android and Mr. Hide: Fine-grained Security Policies on Unmodified Android}},
  author = {Jinseong Jeon and Kristopher K. Micinski and Jeffrey A. Vaughan and Nikhilesh Reddy and Yixin Zhu and Jeffrey S. Foster and Todd Millstein},
  year = {2011},
  month = {Dec},
  institution = {CS-TR-5006, Department of Computer Science, University of Maryland, College Park}
}

@techreport{acplib,
  title = {{Application-centric Security Policies on Unmodified Android}},
  author = {Nikhilesh Reddy and Jinseong Jeon and Jeffrey A. Vaughan and Todd Millstein and Jeffrey S. Foster},
  year = {2011},
  month = {Jul},
  institution = {UCLA TR \#110017, Department of Computer Science, University of California, Los Angeles}
}
